@article{Vasconcellos2007,
author = {de Vasconcellos, Luiz Carlos Fadel and De, Luiz Carlos Fadel},
file = {:C$\backslash$:/Users/Ivair/AppData/Local/Mendeley Ltd./Mendeley Desktop/Downloaded/Vasconcellos, de - 2007 - Sa{\'{u}}de, trabalho e desenvolvimento sustent{\'{a}}vel apontamentos para uma pol{\'{i}}tica de Estado.pdf:pdf},
keywords = {Desenvolvimento Sustent{\'{a}}vel,Inter,Rela{\c{c}}{\~{a}}o,Sa{\'{u}}de do Trabalhador,Sistema {\'{U}}nico de Sa{\'{u}}de},
title = {{Sa{\'{u}}de, trabalho e desenvolvimento sustent{\'{a}}vel: apontamentos para uma pol{\'{i}}tica de Estado}},
url = {https://www.arca.fiocruz.br/handle/icict/4515?mode=full},
year = {2007}
}

@book{minayo1997construccao,
  title={A constru{\c{c}}{\~a}o do campo da sa{\'u}de do trabalhador: percurso e dilemas},
  author={Minayo-Gomez, Carlos and da Fonseca Thedim-Costa, Sonia Maria},
  year={1997},
  publisher={Escola Nacional de Sa{\'u}de P{\'u}blica, Funda{\c{c}}{\~a}o Oswaldo Cruz}
}


@book{Han2012,
author = {Han, Jiawei. and Kamber, Micheline. and scientist) Pei, Jian (Computer},
isbn = {9780123814791},
pages = {703},
publisher = {Elsevier/Morgan Kaufmann},
title = {{Data mining : concepts and techniques}},
year = {2012}
}

@article{Han2007,
author = {Han, Jiawei and Cheng, Hong and Xin, Dong and Yan, Xifeng},
doi = {10.1007/s10618-006-0059-1},
file = {:C$\backslash$:/Users/Ivair/AppData/Local/Mendeley Ltd./Mendeley Desktop/Downloaded/Han et al. - 2007 - Frequent pattern mining current status and future directions.pdf:pdf},
issn = {1384-5810},
journal = {Data Mining and Knowledge Discovery},
month = {jul},
number = {1},
pages = {55--86},
publisher = {Kluwer Academic Publishers-Plenum Publishers},
title = {{Frequent pattern mining: current status and future directions}},
url = {http://link.springer.com/10.1007/s10618-006-0059-1},
volume = {15},
year = {2007}
}

@misc{james2014introduction,
  title={An Introduction to Statistical Learning: With Applications in R.},
  author={James, Gareth and Witten, Daniela and Hastie, Trevor},
  year={2014}
}

@inproceedings{agrawal1994fast,
  title={Fast algorithms for mining association rules},
  author={Agrawal, Rakesh and Srikant, Ramakrishnan and others},
  booktitle={Proc. 20th int. conf. very large data bases, VLDB},
  volume={1215},
  pages={487--499},
  year={1994}
}

@article{Boff2002,
author = {Boff, Bernadete M and Leite, D{\'{o}}ris F and Azambuja, Maria In{\^{e}}s R},
doi = {10.1590/S0034-89102002000300013},
file = {:C$\backslash$:/Users/Ivair/AppData/Local/Mendeley Ltd./Mendeley Desktop/Downloaded/Boff, Leite, Azambuja - 2002 - Morbidade subjacente {\`{a}} concess{\~{a}}o de benef{\'{i}}cio por incapacidade tempor{\'{a}}ria para o trabalho.pdf:pdf},
issn = {0034-8910},
journal = {Revista de Sa{\'{u}}de P{\'{u}}blica},
keywords = {Avalia{\c{c}}{\~{a}}o de incapacidade,Disability evaluation,Estat{\'{i}}stica e dados num{\'{e}}ricos,Morbidade,Morbidity,Occupational health,Previd{\^{e}}ncia social,Sa{\'{u}}de ocupacional,Social security,Statistics and numerical data,Trabalhadores,Workers},
month = {jun},
number = {3},
pages = {337--342},
title = {{Morbidade subjacente {\`{a}} concess{\~{a}}o de benef{\'{i}}cio por incapacidade tempor{\'{a}}ria para o trabalho}},
url = {http://www.scielo.br/scielo.php?script=sci{\_}arttext{\&}pid=S0034-89102002000300013{\&}lng=pt{\&}tlng=pt},
volume = {36},
year = {2002}
}

@book{elmasri2015fundamentals,
  title={Fundamentals of database systems},
  author={Elmasri, Ramez and Navathe, Shamkant B},
  year={2015},
  publisher={Pearson}
}

@article{han2004mining,
  title={Mining frequent patterns without candidate generation: A frequent-pattern tree approach},
  author={Han, Jiawei and Pei, Jian and Yin, Yiwen and Mao, Runying},
  journal={Data mining and knowledge discovery},
  volume={8},
  number={1},
  pages={53--87},
  year={2004},
  publisher={Springer}
}

@article{Silva2000,
author = {da Silva, Clara Teixeira and Da, Clara Teixeira},
file = {:C$\backslash$:/Users/Ivair/AppData/Local/Mendeley Ltd./Mendeley Desktop/Downloaded/Silva, da - 2000 - Sa{\'{u}}de do trabalhador um desafio para qualidade total no Hemorio(2).pdf:pdf},
keywords = {GESTAO DE QUALIDADE TOTAL,PRESTA{\c{C}}AO DE CUIDADOS DE SAUDE,SERVI{\c{C}}OS DE SAUDE OCUPACIONAL},
title = {{Sa{\'{u}}de do trabalhador: um desafio para qualidade total no Hemorio}},
url = {https://www.arca.fiocruz.br/handle/icict/4608},
year = {2000}
}


@article{veras2000afastamentos,
  title={Afastamentos e licenciamento segundo o sistema RAIS-CAGED},
  author={VERAS, MEP},
  journal={SEMIN{\'A}RIO NACIONAL “ESTAT{\'I}STICAS SOBRE DOEN{\c{C}}AS E ACIDENTES DO TRABALHO NO BRASIL: SITUA{\c{C}}{\~A}O E PERSPECTIVAS”. Anais. S{\~a}o Paulo: Fundacentro},
  pages={47--51},
  year={2000}
}